@ARTICLE{Coase1974,
	author = {Coase, Ronald H},
	title = {The Market for Goods and the Market for Ideas},
	journal = {The American Economic Review},
	year = {1974},
	volume = {64},
	number = {2},
	pages = {384--391},
}

@INCOLLECTION{deFinetti1937,
	author = {de Finetti, Bruno},
	title = {Foresight: Its Logical Laws, Its Subjective Sources},
	booktitle = {Studies in Subjective Probability},
	year = {1937},
	pages = {53--118},
	publisher = {Robert Krieger},
}


@ARTICLE{Liu2005,
	author = {Liu, Qingfeng "Wilson"},
	title = {Price Relations Among Hog, Corn, and Soybeen Meal Futures},
	journal = {The Journal of Futures Markets},
	volume = {25},
	number = {5},
	pages = {491--514},
}


@ARTICLE{Black1982,
	author = {Black, Fischer},
	title = {The Trouble with Econometrics},
	journal = {Financial Analysts Journal},
	year = {1982},
	volume = {38},
	number = {2},
	pages = {29--37},
}


@ARTICLE{BlackScholes1973,
	author = {Black, Fischer and Scholes, Myron},
	title = {The Pricing of Options and Corporate Liabilities},
	journal = {Journal of Political Economy},
	year = {1973},
	volume = {81},
	pages = {637--654},
}


@ARTICLE{Fama1970,
	author = {Fama, Eugene},
	title = {Efficient Capital Markets: A Review of Theory and Empirical Work},
	journal = {Journal of Finance},
	year = {1970},
	volume = {25},
	number = {2},
	pages = {383--417},
}


@ARTICLE{Samuelson1965,
	author = {Samuelson, Paul A.},
	title = {Proof that properly anticipated prices fluctuate randomly},
	journal = {Industrial Management Review},
	year = {1965},
	volume = {6},
	number = {2},
	pages = {41--49},
}


@ARTICLE{Varian1987,
	author = {Varian, Hal R.},
	title = {The Arbitrage Principle in Financial Economics},
	journal = {The Journal of Economic Perspectives},
	year = {1987},
	volume = {1},
	number = {2},
	pages = {55--72},
}


@INCOLLECTION{DybvigRoss1989,
	author = {Dybvig, Philip H. and Ross, Stephen A.},
	title = {Arbitrage},
	booktitle = {The New Palgrave Dictionary of Economics},
	year = {1989},
	publisher = {Palgrave Macmillan UK},
}


@ARTICLE{HassaniThomakos2010,
	author = {Hassani, Hossein and Thomakos, Dimitrios},
	title = {A Review on Singular Spectrum Analysis for Economic and Financial Time Series},
	journal = {Statistics and Its Interface},
	volume = {3},
	pages = {377--397},
	year = {2010},
}


@INCOLLECTION{Nau1999,
	author = {Nau, Robert},
	title = {Arbitrage, Incomplete Models, and Other People's Brains},
	booktitle = {Beliefs, Interactions, and Preferences in Decision Making},
	year = {1999},
	publisher = {Kluwer Academic Publishers},
}

@ARTICLE{NauMcCardle1991,
	author = {Robert Nau and Kevin McCardle},
	title = {Arbitrage, Rationality, and Equilibrium},
	journal = {Theory and Decisions},
	year = {1991},
	volume = {31},
	pages = {199--240},
}

@ARTICLE{Scarf1990,
	author = {Scarf, Herbert E},
	title = {Mathematical Programming and Economic Theory},
	journal = {Operations Research},
	year = {1990},
	volume = {38},
	number = {3},
	pages = {377--385},
}

@BOOK{Sowell1996,
	author = {Sowell, Thomas},
	title = {Knowledge and Decisions},
	publisher = {Basic Books},
	year = {1996},
}

@BOOK{DutchBook1999,
	title = {Dutch Book Theorem},
	title = {The Cambridge Dictionary of Philosophy},
	publisher = {Cambridge University Press},
	year = {1999},
}

@ARTICLE{Buchanan1964,
	author = {Buchanan, James M},
	title = {What Should Economists Do?},
	journal = {Southern Economics Journal},
	year = {1964},
	volume = {30},
	number = {3},
	pages = {213--222},
}

@ARTICLE{Hayek1945,
	author = {Hayek, Friedrich A},
	title = {The Use of Knowledge in Society},
	journal = {The American Economic Review},
	year = {1945},
	volume = {35},
	number = {4},
	pages = {519--530},
}

@INCOLLECTION{Hayek1994,
	author = {Hayek, Friedrich A},
	title = {The Theory of Complex Phenomena},
	booktitle = {Readings in the Philosophy of Social Science},
	year = {1994},
	pages = {55--70},
	publisher = {The MIT Press},
}


@ARTICLE{Hasbrouck2003,
	author = {Hasbrouck, Joel},
	title = {Stalking the "efficient price" in market microstructure specifications: an overview},
	journal = {Journal of Financial Markets},
	year = {2002},
	volume = {5},
	pages = {329--339},
}


@ARTICLE{EngleGranger1987,
	author = {Engle, Robert F. and Granger Clive},
	title = {Co-integration and Error Correction: Representation, Estimation and Testing},
	journal = {Econometrica},
	year = {1987},
	volume = {55},
	number = {2},
	pages = {251--276},
}


@ARTICLE{Mulligan2005,
	author = {Mulligan, Robert F.},
	title = {The Austrian Business Cycle: A Vector Error-Correction Model with Commercial and Industrial Loans},
	journal = {Journal of Private Enterprise},
	year = {2005},
	volume = {22},
	number = {1},
	pages = {51--91},
}


@ARTICLE{Baird1989,
	author = {Baird, Charles A},
	title = {James Buchanan and the Austrians: The Common Ground},
	journal = {Cato Journal},
	year = {1989},
	volume = {9},
	number = {1},
	pages = {201--230},
}


@ARTICLE{WuBethelGuLeinweberRubel,
	author = {Wu, Kesheng and Bethel, E and Gu, Ming and Leinweber, David and R{\"u}bel, Oliver},
	title = {A Big Data Approach to Analyzing Market Volatility},
	journal = {Algorithmic Finance},
	year = {2013},
	volume = {2},
	number = {3-4},
	pages = {241--267},
}


@ARTICLE{JochmannKoop2015,
	author = {Jochmann, Markus and Koop, Gary},
	title = {Regime-Switching Cointegration},
	journal = {Studies in Nonlinear Dynamics \& Econometrics},
	volume = {19},
	number = {1},
	pages = {35--48},
	year = {2015},
}


@INCOLLECTION{Nau1999,
	author = {Nau, Robert},
	title = {Arbitrage, Incomplete Models, and Other People's Brains},
	booktitle = {Beliefs, Interactions, and Preferences in Decision Making},
	year = {1999},
	pages = {217--236},
	publisher = {Springer US},
}

@INCOLLECTION{Lucas1995,
	author = {Lucas Jr., Robert E},
	title = {Understanding Business Cycles},
	booktitle = {Essential Readings in Economics},
	year = {1995},
	pages = {306--327},
	publisher = {Macmillan Education UK},
}

@MISC{BuchananHayek,
	title = {Friedrich Hayek and James Buchanan Pattern Prediction and Scientism},
	year = {2010},
	howpublished = {Youtube},
    url = {https://youtu.be/kzNpD9DXU2w},	
	note = {Accessed: 12-17-2016},
}


@MISC{KirznerYT1,
	title = {Entrepreneurship and the Market Process with Israel Kirzner},
	year = {2011},
	howpublished = {Youtube},
	url = {https://youtu.be/oMm-anSv-tU},
	note = {Accessed: 12-19-2016},
}


@BOOK{Culp2004,
	author = {Culp, Christopher L.},
	title = {Risk Transfer},
	publisher = {John Wiley \& Sons, Inc.},
	year = {2004},
}

@BOOK{Grossman1989,
	author = {Grossman, Sanford},
	title = {The Informational Role of Prices},
	publisher = {MIT Press Books},
	year = {1989},
}


@BOOK{Vives2010,
	author = {Vives, Xavier},
	title = {Information and Learning in Markets: the impact of market microstructure},
	publisher = {Princeton University Press},
	year = {2010},
}


@BOOK{Koop2006,
	author = {Koop, Gary},
	title = {Bayesian Econometrics},
	publisher = {John Wiley \& Sons, Ltd.},
	year = {2006},
}


@BOOK{Spulber1999,
	author = {Spulber, Daniel F.},
	title = {Market Microstructure: Intermediaries and the Theory of the Firm},
	publisher = {Cambridge University Press},
	year = {1999},
}


@BOOK{LancasterBook,
	author = {Lancaster, Tony},
	title = {An Introduction to Modern Bayesian Econometrics},
	year = {2004},
	publisher = {Blackwell Oxford},
}


@BOOK{GewekeBook2,
	author = {Geweke, John},
	title = {Complete and Incomplete Econometric Models},
	year = {2010},
	publisher = {Princeton University Press},
}
